@article{ACWK06,
  title={Swirling-sweepers: Constant-volume modeling},
  author={Angelidis, Alexis and Cani, Marie-Paule and Wyvill, Geoff and King, Scott},
  journal={Graphical Models},
  volume={68},
  number={4},
  pages={324--332},
  year={2006},
  publisher={Elsevier}
}

@PhdThesis{B03,
  author = 	 {Bridson, Robert},
  title = 	 {Computational aspects of dynamic surface},
  school = 	 {Stanford},
  year = 	 {2003}
}

@book{BKPAL10,
  title={Polygon mesh processing},
  author={Botsch, Mario and Kobbelt, Leif and Pauly, Mark and Alliez, Pierre and L{\'e}vy, Bruno},
  year={2010},
  publisher={CRC press}
}

@Article{MGV11,
  author = 	 {Macedo, Ives and Gois, Joao Paulo and Velho, Luiz},
  title = 	 {Hermite radial basis functions implicits},
  journal = 	 {Computer Graphics Forum},
  year = 	 {2011},
  volume = 	 {30},
  number = 	 {1}
}

@article{TO02,
  title={Modelling with implicit surfaces that interpolate},
  author={Turk, Greg and O'brien, James F},
  journal={ACM Transactions on Graphics (TOG)},
  volume={21},
  number={4},
  pages={855-873},
  year={2002},
  publisher={ACM}
}

@article{LC87,
  title={Marching cubes: A high resolution 3D surface construction algorithm},
  author={Lorensen, William E and Cline, Harvey E},
  journal={ACM siggraph computer graphics},
  volume={21},
  number={4},
  pages={163--169},
  year={1987},
  organization={ACM}
}

@book{cgal,
  title = {{CGAL} User and Reference Manual},
  author = {{The CGAL Project}},
  publisher = {{CGAL Editorial Board}},
  edition = {{4.7}},
  year = 2015,
  url = {http://doc.cgal.org/4.7/Manual/packages.html}
}

@inproceedings{KBH06,
  title={Poisson surface reconstruction},
  author={Kazhdan, Michael and Bolitho, Matthew and Hoppe, Hugues},
  booktitle={Proceedings of the fourth Eurographics symposium on Geometry processing},
  volume={7},
  year={2006}
}

@article{LW15,
  title={A Closed-Form Formulation of HRBF-Based Surface Reconstruction},
  author={Liu, Shengjun and Wang, Charlie CL and Brunnett, Guido and Wang, Jun},
  journal={arXiv preprint arXiv:1507.02860},
  year={2015}
}

@inproceedings{HRDMS92,
  title={Surface reconstruction from unorganized points},
  author={Hoppe, Hugues and DeRose, Tony and Duchamp, Tom and McDonald, John and Stuetzle, Werner},
  volume={26},
  number={2},
  year={1992},
  publisher={ACM}
}

@article{BO05,
  title={Provably good sampling and meshing of surfaces},
  author={Boissonnat, Jean-Daniel and Oudot, Steve},
  journal={Graphical Models},
  volume={67},
  number={5},
  pages={405--451},
  year={2005},
  publisher={Elsevier}
}

@PhdThesis{J13,
  author = 	 {Jacobson, Alec},
  title = 	 {Algorithms and Interfaces for Real-Time Deformation of 2D and 3D Shapes},
  school = 	 {ETH Zurich},
  year = 	 {2013}
}

@article{WP95,
 author = {H. Wendland},
 title = {Piecewise polynomial, positive definite and compactly supported radial basis functions of minimal degree},
 jounal = {Advances in Computational Mathematics}
 volume={4},
 pages={389-396},
 year={1995}
 
 
